
@article{lovelle-rodriguez2009,
	title = {Évaluation de l'état de croissance végétative de la vigne par la méthode des apex},
	author = {Lovelle-Rodriguez, {Begoña} and Trambouze, William and Jacquet, Olivier},
	year = {2009},
	date = {2009},
	journal = {Le Progrès agricole et viticole},
	pages = {77{\textendash}88},
	volume = {126},
	number = {4},
	note = {Publisher: Groupe international d'Experts en Systèmes vitivinicoles pour la CoOpération}
}

@article{pichon2020,
	title = {Apex-Vigne: A mobile application to facilitate the monitoring of growth and estimate the water status of the viticulture plots},
	author = {Pichon, {Léo} and Brunel, Guilhem and Payan, Jean-Christophe and Tisseyre, Bruno},
	year = {2020},
	month = {06},
	date = {2020-06-05},
	journal = {IVES Technical Reviews, vine and wine},
	doi = {10.20870/IVES-TR.2020.3558},
	url = {https://ives-technicalreviews.eu/article/view/3558}
}

@inproceedings{brunel2019,
	title = {12th European Conference on Precision Agriculture},
	author = {Brunel, G. and Pichon, L. and Taylor, J. and Tisseyre, B.},
	year = {2019},
	month = {07},
	date = {2019-07-08},
	publisher = {Wageningen Academic Publishers},
	pages = {935--942},
	doi = {10.3920/978-90-8686-888-9_115},
	url = {https://www.wageningenacademic.com/doi/10.3920/978-90-8686-888-9_115},
	address = {Montpellier, France},
	langid = {nl}
}

@inproceedings{trambouze2009,
	title = {XVIth international Giesco Symposium},
	author = {Trambouze, William and Lovelle-Rodriguez, {Begoña} and Jacquet, Olivier},
	year = {2009},
	date = {2009},
	address = {Davis, California, USA}
}

@article{destrac-irvine2019,
	title = {Measuring the phenology to more effectively manage the vineyard},
	author = {Destrac-Irvine, {Agnès} and Barbeau, {Gérard} and De Resseguier, Laure and Dufourcq, Thierry and Dumas, Vincent and Garcia De Cortazar-Atauri, {Iñaki} and Ojeda, Hernan and Saurin, Nicolas and Van Leeuwen, Cornelis and {Duchêne}, {Éric}},
	year = {2019},
	month = {10},
	date = {2019-10-01},
	journal = {IVES Technical Reviews, vine and wine},
	doi = {10.20870/IVES-TR.2019.2586},
	url = {https://ives-technicalreviews.eu/article/view/2586}
}

@article{lorenz1995,
	title = {Growth Stages of the Grapevine: Phenological growth stages of the grapevine (Vitis vinifera L. ssp. vinifera){\textemdash}Codes and descriptions according to the extended BBCH scale},
	author = {Lorenz, D.H. and Eichhorn, K.W. and Bleiholder, H. and Klose, R. and Meier, U. and Weber, E.},
	year = {1995},
	month = {07},
	date = {1995-07},
	journal = {Australian Journal of Grape and Wine Research},
	pages = {100--103},
	volume = {1},
	number = {2},
	doi = {10.1111/j.1755-0238.1995.tb00085.x},
	url = {https://onlinelibrary.wiley.com/doi/10.1111/j.1755-0238.1995.tb00085.x},
	langid = {en}
}

@article{2ndédit2001,
	title = {2nd édition de la liste des descripteurs OIV pour les variétés et espèces de Vitis.},
	author = {OIV},
	year = {2001},
	month = {04},
	date = {2001-04-03}
}

@techreport{cahurel1995,
	title = {Détermination de la vigueur. Etude de différentes méthodes.},
	author = {Cahurel, Jean-Yves},
	year = {1995},
	month = {03},
	date = {1995-03-01},
	pages = {6}
}

@techreport{claverie2025,
	title = {Relation diamètre de sarments (Diam) / Poids de bois de taille (PBT) sur le réseau « rendements » du Vaucluse- Hiver 2016/2017},
	author = {Claverie, Marion},
	year = {2025},
	month = {01},
	date = {2025-01},
	pages = {3}
}

@article{delière2023,
	title = {Observatoire du déploiement des cépages résistants OSCAR. Cahier de protocoles.},
	author = {{Delière}, Laurent and Miclot, Anne-Sophie},
	year = {2023},
	url = {https://observatoire-cepages-resistants.fr/wp-content/uploads/2023/01/Cahier-protocoles_2023.pdf}
}

@article{blancard,
	title = {Ephytia. Maladies et ravageurs de la vigne.},
	author = {Blancard, Dominique and Lecomte, Pascal and Delbac, Lionel},
	url = {https://ephytia.inra.fr/fr/P/97/Vigne}
}

@article{eppo2000,
	title = {PP 1/31(3) Efficacy evaluation of fungicides. Plasmopara viticola},
	author = {EPPO, },
	year = {2000},
	date = {2000},
	pages = {47--49},
	url = {https://pp1.eppo.int/standards/PP1-031-3}
}

@article{ceb_oidium,
	title = {Méthode d'étude de l'efficacité au champ des fongicides destinés à la luette contre l'oïdium de la vigne, Uncinula necator (Schw.) Burr.},
	author = {CEB, },
	year = {2010},
	date = {2010},
	pages = {12}
}

@article{ceb_mildiou,
	title = {Méthode d'étude de l'efficacité au champ des fongicides destinés à la luette contre le mildiou de la vigne},
	author = {CEB, },
	year = {2010},
	date = {2010},
	pages = {18}
}

@inproceedings{steyn2016,
	title = {International Journal of Scientific and Engineering Research},
	author = {Steyn, Jolette and Aleixandre Tudo, {José} and Aleixandre Benavent, {José Luís}},
	year = {2016},
	date = {2016},
	publisher = {IJSER Publishing},
	pages = {1056--1065},
	volume = {7},
	url = {https://riunet.upv.es/handle/10251/97767},
	note = {Accepted: 2018-02-13T08:08:54Z
ISSN: 2229-5518
Issue: 2},
	langid = {Inglés}
}

@article{nutterjr1991,
	title = {Disease assessment terms and concepts. Plant disease},
	author = {Nutter Jr, FW and Teng, PS and Shokes, FM},
	year = {1991},
	date = {1991},
	journal = {Plant Disease Epidemiology: Facing Challenges of the 21st Century, eds S. Savary and BM Cooke (Dordrecht: Springer)},
	pages = {95{\textendash}103}
}

@article{buffara2014,
	title = {Elaboration and validation of a diagrammatic scale to assess downy mildew severity in grapevine},
	author = {Buffara, {Cláudia Regina Scapin} and Angelotti, Francislene and Vieira, Rafael Augusto and Bogo, Amauri and Tessmann, {Dauri José} and Bem, Betina Perreira de},
	year = {2014},
	month = {08},
	date = {2014-08},
	journal = {Ciência Rural},
	pages = {1384--1391},
	volume = {44},
	doi = {https://doi.org/10.1590/0103-8478cr20131548},
	url = {https://www.scielo.br/j/cr/a/tnfJkGTH9NPrv4T9pQnddjr/},
	note = {Publisher: Universidade Federal de Santa Maria},
	langid = {en}
}

@article{scott2020,
	title = {A diagrammatic key to assist assessment of powdery mildew severity on grape bunches},
	author = {Scott, Eileen and Zanker, Timothy and Petrovic, Tijana and Kravchuk, Olena and Evans, Kathy and Emmett, Bob and Perry, Wade},
	year = {2020},
	month = {08},
	date = {2020-08-21},
	journal = {Australian and New Zealand Grapegrower and Winemaker},
	number = {623},
	doi = {10.3316/informit.736826345384331},
	url = {https://search.informit.org/doi/abs/10.3316/INFORMIT.736826345384331},
	note = {Publisher: Winetitles Media}
}

@article{eppo2001,
	title = {PP 1/4(4)  Efficacy evaluation of fungicides. Uncinula necator},
	author = {EPPO, },
	year = {2001},
	date = {2001},
	pages = {12--14},
	url = {https://pp1.eppo.int/standards/PP1-004-4}
}

@book{champagnol1984,
	title = {Éléments de Physiologie de la Vigne et de Viticulture Générale.},
	author = {Champagnol, {François}},
	year = {1984},
	date = {1984}
}

@article{rienth2023,
	title = {Review of plant-based methods for assessing vine water status: Sourced from the research article: {\textquotedblleft}State-of-the-art of tools and methods to assess vine water status{\textquotedblright} (OENO One, 2019). Original language of the article: English.},
	author = {Rienth, Markus and Laurent, {Cécile} and Scholasch, Thibaut},
	year = {2023},
	month = {03},
	date = {2023-03-10},
	journal = {IVES Technical Reviews, vine and wine},
	doi = {10.20870/IVES-TR.2023.7401},
	url = {https://ives-technicalreviews.eu/article/view/7401},
	langid = {en}
}

@article{deloire2020,
	title = {A few words on grapevine leaf water potential : Original language of the article: English.},
	author = {Deloire, Alain and Pellegrino, Anne and Rogiers, Suzy},
	year = {2020},
	month = {06},
	date = {2020-06-10},
	journal = {IVES Technical Reviews, vine and wine},
	doi = {10.20870/IVES-TR.2020.3620},
	url = {https://ives-technicalreviews.eu/article/view/3620},
	langid = {en}
}

@article{choné2001,
	title = {Stem Water Potential is a Sensitive Indicator of Grapevine Water Status},
	author = {{Choné}, X},
	year = {2001},
	month = {04},
	date = {2001-04},
	journal = {Annals of Botany},
	pages = {477--483},
	volume = {87},
	number = {4},
	doi = {10.1006/anbo.2000.1361},
	url = {https://academic.oup.com/aob/article-lookup/doi/10.1006/anbo.2000.1361}
}

@article{murisier1997,
	title = {Rapport feuille-fruit de la vigne et qualité du raisin},
	author = {Murisier, {François} and Zufferey, Vivian},
	year = {1997},
	date = {1997},
	journal = {Revue suisse de viticulture, arboriculture et horticulture},
	pages = {355{\textendash}362},
	volume = {29},
	number = {6},
	note = {Publisher: Station Fédérale de Recherches Agronomiques de Changins}
}

@article{verdenal2023,
	title = {Nitrogen nutrition status of the vine: correlation between N-tester and SPAD chlorophyll indices: This is a translation of an article originally written in French.},
	author = {Verdenal, Thibaut and Zufferey, Vivian and Reynard, {Jean-Sébastien} and Spring, Jean-Laurent},
	year = {2023},
	month = {06},
	date = {2023-06-20},
	journal = {IVES Technical Reviews, vine and wine},
	doi = {10.20870/IVES-TR.2023.7649},
	url = {https://ives-technicalreviews.eu/article/view/7649}
}

@inproceedings{vanleeuwen2011,
	title = {Les méthodes d'estimation de l'alimentation azotée de la vigne et des raisins au vignoble : état de l'art. Colloque IFV Sud-Ouest},
	author = {Van Leeuwen, Cornelis and Friant, Philippe},
	year = {2011},
	date = {2011},
	pages = {6},
	url = {https://www.vignevin-occitanie.com/wp-content/uploads/2018/10/5-COLLOQUE-methodes-estimation.pdf},
	address = {Toulouse, France}
}

@inproceedings{duchene2019,
	title = {The Vitis Ontology: sustainable and FAIR (Findable, Accessible, Interoperable, Reusable) for consistent and complete data description through biologist friendly ontologies},
	author = {{Duchêne}, Eric and Pommier, Cyril},
	year = {2019},
	month = {03},
	date = {2019-03},
	url = {https://hal.inrae.fr/hal-02947459},
	address = {Chania, Greece, 26-28 March 2019, Greece}
}

@article{becart2024,
	title = {Réaliser un prélèvement maturité},
	author = {{Bécart}, Viviane and Degoix, {Zoé}},
	year = {2024},
	date = {2024},
	url = {https://www.institut-rhodanien.com/upload/article/file/021viticulturerealiserunprelevementmatu-668f97f56682b.pdf},
	langid = {fr}
}

@book{recueil2025,
	title = {Recueil des méthodes internationales d'analyse des vins et des moûts},
	year = {2025},
	date = {2025},
	publisher = {Office international de la Vigne et du Vin},
	volume = {1},
	url = {https://www.oiv.int/fr/standards/recueil-des-methodes-d%E2%80%99analyse-des-vins-et-mouts}
}

@article{lacroix2024,
	title = {Interpréter ses résultats maturité},
	author = {Lacroix, Romain and {Bécart}, Viviane and Puech, Carole},
	year = {2024},
	date = {2024},
	journal = {Intitut Rhodanien Fiche technique Viticulture},
	pages = {2},
	issue = {N° 024 / 2024},
	url = {https://www.institut-rhodanien.com/upload/article/file/024viticultureinterpretersesresultatsmaturite-6697c49208f0e.pdf},
	langid = {fr}
}

@misc{roussey,
	title = {Phenological Scales of Grapevine},
	author = {Roussey, Catherine and Delpuech, Xavier and Raynal, Marc},
	doi = {10.57745/YVM7VH}
}

@article{pouget1978,
	title = {Etude de l{\textquoteright}adaptation de nouvelles variétés de porte-greffes à des sols très chlorosants},
	author = {Pouget, Roger and Ottenwaelter, M},
	year = {1978},
	date = {1978},
	journal = {Conn. Vigne Vin},
	pages = {167{\textendash}175},
	volume = {12}
}

@phdthesis{rouanet2022,
	title = {Caractérisation de l'adaptation aux sols chlorosants des porte-greffes de vigne},
	author = {Rouanet, Paul},
	year = {2022},
	month = {10},
	date = {2022-10}
}

@article{oiv2001,
	title = {2nd édition de la liste des descripteurs OIV pour les variétés et espèces de Vitis.},
	author = {OIV, },
	year = {2001},
	month = {04},
	date = {2001-04-03}
}

@article{champagnol1988,
	title = {Relation entre symptômes visuels de carence potassique et teneur des limbes},
	author = {Champagnol, {François}},
	year = {1988},
	date = {1988},
	journal = {Progrès Agricole et Viticole},
	pages = {519--522},
	number = {N°22 (Spécial SITEVI)}
}

@article{rogiers2021,
	title = {Vine nutrition: A diagnostic app for nutrient disorder assessment},
	author = {Rogiers, Suzy and Zheng, Lihong and Oczkowski, Alex and Rahaman, Motiur and Paul, Manoranjan and Baby, Tintu and Mentjox, Krista and Schmidtke, Leigh and Walker, Rob and Holzapfel, Bruno},
	year = {2021},
	date = {2021},
	note = {Publisher: NSW Department of Primary Industries}
}
